@article{tutorial,
author = {Reed, Eric and Nunez, Sara and Kulp, David and Qian, Jing and Reilly, Muredach and Foulkes, Andrea},
year = {2015},
pages = {},
title = {{A guide to genome-wide association analysis and post-analytic interrogation}},
volume = {34},
journal = {Statistics in medicine}
}

@article{heredity,
  title     = {{Genetics of coronary artery disease}},
  author    = {McPherson, Ruth and Tybjaerg-Hansen, Anne},
  journal   = {Circulation Research},
  volume    =  {118},
  number    =  {4},
  pages     = {564-578},
  year      =  {2016}
}
